<record xmlns="http://www.loc.gov/MARC21/slim" xmlns:xsi="http://www.w3.org/2001/XMLSchema-instance" xsi:schemaLocation="http://www.loc.gov/MARC21/slim http://www.loc.gov/standards/marcxml/schema/MARC21slim.xsd">

  <leader>00706nam a2200229Ia 4500</leader>
  <datafield ind2=" " ind1=" " tag="090">
    <subfield code="a">13.09.09 386</subfield>
  </datafield>
  <datafield tag="110" ind1=" " ind2=" ">
    <subfield code="a">Universidad de Costa Rica. Oficina de Planificación Universitaria</subfield>
  </datafield>
  <datafield ind2=" " ind1=" " tag="245">
    <subfield code="a">Perfil del funcionario docente universitario</subfield>
  </datafield>
  <datafield tag="260" ind1=" " ind2=" ">
    <subfield code="a">San José, Costa Rica : </subfield>
    <subfield code="b">La Universidad, </subfield>
    <subfield code="c">1992</subfield>
  </datafield>
  <datafield ind2=" " ind1=" " tag="300">
    <subfield code="a">87 páginas</subfield>
  </datafield>
  <datafield ind1=" " ind2=" " tag="500">
    <subfield code="a">Serie de Diagnósticos</subfield>
  </datafield>
  <datafield tag="610" ind2=" " ind1=" ">
    <subfield code="a">UNIVERSIDAD DE COSTA RICA</subfield>
  </datafield>
  <datafield tag="650" ind1=" " ind2=" ">
    <subfield code="a">DOCENTES</subfield>
  </datafield>
  <datafield tag="650" ind1=" " ind2=" ">
    <subfield code="a">PERFIL PROFESIONAL</subfield>
  </datafield>
  <datafield ind1=" " ind2=" " tag="650">
    <subfield code="a">EDUCACION SUPERIOR</subfield>
  </datafield>
  <datafield tag="650" ind2=" " ind1=" ">
    <subfield code="a">FORMACION DE DOCENTES</subfield>
  </datafield>
  <datafield tag="650" ind1=" " ind2=" ">
    <subfield code="a">CONTRATACION DE DOCENTES</subfield>
  </datafield>
  <datafield ind2=" " ind1=" " tag="650">
    <subfield code="a">SITUACION DE LOS DOCENTES</subfield>
  </datafield>
  <datafield tag="650" ind2=" " ind1=" ">
    <subfield code="a">PERFIL ACADEMICO</subfield>
  </datafield>
  <datafield tag="650" ind2=" " ind1=" ">
    <subfield code="a">PERFIL DEL DOCENTE</subfield>
  </datafield>
  <datafield ind1=" " ind2=" " tag="942">
    <subfield code="p">00600</subfield>
  </datafield>
  <datafield tag="999" ind2=" " ind1=" ">
    <subfield code="c">2101</subfield>
    <subfield code="d">2101</subfield>
  </datafield>
</record>